@online{ftenth-web,
	url = "https://f1tenth.org",
	title = "F1TENTH website",
}= {Accessed: 01-09-2024},

@online{undr-nodes,
	url = "
	       https://web.archive.org/web/20240528112616/https://docs.ros.org/en/humble/Tutorials/Beginner-CLI-Tools/Understanding-ROS2-Nodes/Understanding-ROS2-Nodes.html
	       ",
	title = "Understanding ROS2 Nodes",
}

@online{ros-nodes,
	url = "
	       https://web.archive.org/web/20240218141117/https://docs.ros.org/en/iron/Concepts/Basic/About-Nodes.html
	       ",
	title = "ROS2 Basic Concepts - Nodes",
}

@article{betz2022autonomous,
	title = {Autonomous vehicles on the edge: A survey on autonomous vehicle
	         racing},
	author = {Betz, Johannes and Zheng, Hongrui and Liniger, Alexander and
	          Rosolia, Ugo and Karle, Phillip and Behl, Madhur and Krovi, Venkat
	          and Mangharam, Rahul},
	journal = {IEEE Open Journal of Intelligent Transportation Systems},
	volume = {3},
	pages = {458--488},
	year = {2022},
	publisher = {IEEE},
}


@online{f1learn,
	url = "https://f1tenth.org/learn.html",
	title = "F1TENTH Learn",
}

% @online{coursel12,
	% = author,
}= "University of Pennsylvania",
% 	commentator = "Hongrui Zheng",
% 	title = "Lezione 22 di F1TENTH",
% 	subtitle = "Raceline Optimisation",
% 	url = "https://ahmadamine998.github.io/6150-Spring2024-Website/lectures/",
% }

@misc{globalplanning-lec,
	author = {Trauth, Rainer and Karle, Phillip and Lienkamp, Markus},
	year = {2021},
	month = {06},
	title = {Autonomous Driving Software Engineering - Lecture 06: Planning I -
	         Global Planning},
}

@misc{olausson2021optimal,
	title = {Optimal control and race line planning for an autonomous race car},
	author = {Olausson, Jacob and Larsson, Jacob},
	year = {2021},
}

@article{lipp2014minimum,
	title = {Minimum-time speed optimisation over a fixed path},
	author = {Lipp, Thomas and Boyd, Stephen},
	journal = {International Journal of Control},
	volume = {87},
	number = {6},
	pages = {1297--1311},
	year = {2014},
	publisher = {Taylor \& Francis},
}

@article{race-model,
	title = {Race driver model},
	author = {Braghin, Francesco and Cheli, Federico and Melzi, Stefano and
	          Sabbioni, Edoardo},
	journal = {Computers \& Structures},
	volume = {86},
	number = {13-14},
	pages = {1503--1516},
	year = {2008},
	publisher = {Elsevier},
}

